@inproceedings{drunkdog,
  title={A Drunk and Her Dog: An Illustration of Cointegration and Error Correction},
  author={Michael Patrick Murray},
  year={1994},
  journal = {The American Statistician},
  volume = {48},
  number = {1},
  pages = {37-39},
  publisher = {Taylor \& Francis},
}

@article{cointdef,
  title = {Developments in The Study of Cointegrated Economic Variables},
  author = {Clive W. J. Granger},
  year = {1986},
  journal = {Oxford Bulletin of Economics and Statistics},
}

@article{cointexample,
  title = {Trends and random walks in macroeconmic time series: Some evidence and implications},
  author = {Charles Nelson and Charles Plosser},
  year = {1982},
  journal = {Journal of Monetary Economics},
  volume = {10},
  number = {2},
  pages = {139-162},
}

@article{johansen,
  title = {Estimation and Hypothesis Testing of Cointegration Vectors in Gaussian Vector Autoregressive Models},
  author = {Søren Johansen},
  year = {1991},
  journal = {Econometrica},
  volume = {59},
  number = {6},
  pages = {1551--1580},
  publisher = {[Wiley, Econometric Society]}
}

@article{adf,
  title = {Distribution of the Estimators for Autoregressive Time Series With a Unit Root},
  author = {David A. Dickey and Wayne A. Fuller},
  year = {1979},
  journal = {Journal of the American Statistical Association},
  volume = {74},
  number = {366},
  pages = {427--431},
  publisher = {[American Statistical Association, Taylor \& Francis, Ltd.]}
}

@article{englegranger,
 author = {Robert F. Engle and C. W. J. Granger},
 journal = {Econometrica},
 number = {2},
 pages = {251--276},
 publisher = {[Wiley, Econometric Society]},
 title = {Co-Integration and Error Correction: Representation, Estimation, and Testing},
 volume = {55},
 year = {1987}
}

@article{englegrangerjohansen,
  title={Pitfalls in testing for long run relationships},
  author={Gonzalo, Jesus and Lee, Tae-Hwy},
  journal={Journal of Econometrics},
  volume={86},
  number={1},
  pages={129--154},
  year={1998},
  publisher={Elsevier}
}

@article{pairsdesc,
  title = {Pairs trading},
  author = {Robert J. Elliott and John Van Der Hoek and William P. Malcolm },
  journal = {Quantitative Finance},
  year  = {2005},
  volume = {5},
  number = {3},
  pages = {271-276},
  publisher = {Routledge}
}

@article{pairshistory,
  author = {Evan Gatev and William N. Goetzmann and K. Geert Rouwenhorst},
  journal = {The Review of Financial Studies},
  number = {3},
  pages = {797--827},
  publisher = {[Oxford University Press, Society for Financial Studies]},
  title = {Pairs Trading: Performance of a Relative-Value Arbitrage Rule},
  volume = {19},
  year = {2006}
}

@article{cointsupport,
  author = {Nicolas Huck and Komivi Afawubo},
  title = {Pairs trading and selection methods: is cointegration superior?},
  journal = {Applied Economics},
  volume = {47},
  number = {6},
  pages = {599-613},
  year  = {2015},
  publisher = {Routledge}
}

@inproceedings{cointcompared,
  title={A new approach to modeling and estimation for pairs trading},
  author={Binh Do and Robert Faff and Kais Hamza},
  booktitle={Proceedings of 2006 financial management association European conference},
  pages={87-99},
  year={2006},
  organization={Citeseer}
}

@article{ontdef, 
  title={Ontologies: principles, methods and applications},
  volume={11},
  number={2},
  journal={The Knowledge Engineering Review},
  publisher={Cambridge University Press},
  author={Mike Uschold and Michael Gruninger},
  year={1996},
  pages={93–136}
}

@article{ontgeog,
  author = {Andrew U. Frank},
  title = {Tiers of ontology and consistency constraints in geographical information systems},
  journal = {International Journal of Geographical Information Science},
  volume = {15},
  number = {7},
  pages = {667-678},
  year  = {2001},
  publisher = {Taylor \& Francis}
}

@article{ontbio,
  title={Relations in biomedical ontologies},
  author={Smith, Barry and Ceusters, Werner and Klagges, Bert and K{\"o}hler, Jacob and Kumar, Anand and Lomax, Jane and Mungall, Chris and Neuhaus, Fabian and Rector, Alan L and Rosse, Cornelius},
  journal={Genome biology},
  volume={6},
  number={5},
  pages={R46},
  year={2005},
  publisher={BioMed Central}
}

@inproceedings{onttime,
  title={Integrating time series with social media data in an ontology for the modelling of extreme financial events},
  author={Qu, Haizhou and Sardelich Nascimento, Marcelo and Qomariyah, Nunung Nurul and Kazakov, Dimitar Lubomirov},
  booktitle={LREC 2016 Proceedings},
  pages={57--63},
  year={2016},
  organization={European Language Resources Association (ELRA)}
}

@article{efficientmarket,
 ISSN = {00221082, 15406261},
 URL = {http://www.jstor.org/stable/2325486},
 author = {Eugene F. Fama},
 journal = {The Journal of Finance},
 number = {2},
 pages = {383--417},
 publisher = {[American Finance Association, Wiley]},
 title = {Efficient Capital Markets: A Review of Theory and Empirical Work},
 volume = {25},
 year = {1970}
}

@article{interconnectedness,
  title={Interconnectedness in the global financial market},
  author={Raddant, Matthias and Kenett, Dror Y},
  journal={OFR WP},
  pages={16--09},
  year={2016}
}

@article{topical,
  title={The unprecedented stock market reaction to COVID-19},
  author={Baker, Scott R and Bloom, Nicholas and Davis, Steven J and Kost, Kyle and Sammon, Marco and Viratyosin, Tasaneeya},
  year={2020}
}

@misc{global,
  title={The globalisation of financial markets},
  author={Otmar Issing},
  url = {https://www.ecb.europa.eu/press/key/date/2000/html/sp000912_2.en.html},
  note = {Remarks by Professor Otmar Issing on 12 September 2000.},
  year={2000}
}

@misc{wrro128500,
  month = {May},
  author = {Haizhou Qu and Marcelo Sardelich Nascimento and Nunung Nurul Qomariyah and Dimitar Lubomirov Kazakov},
  booktitle = {International Conference on Language Resources and Evaluation},
  editor = {Fahad Khan and {\vS}pela Vintar and Pilar Le{\'o}n Ara{\'u}z and Pamela Faber and Francesca Frontini and Artemis Parvizi and Larisa Gr{\vc}i{\'c} Simeunovi{\'c} and Christina Unger},
  title = {Integrating Time Series with Social Media Data in an Ontology for the Modelling of Extreme Financial Events},
  address = {SVN},
  publisher = {European Language Resources Association (ELRA)},
  year = {2016},
  journal = {LREC 2016 Proceedings},
  pages = {57--63},
  keywords = {financial forecasting,stock prices,Twitter,Ontology},
  url = {http://eprints.whiterose.ac.uk/128500/}
}

@article{khancointegration,
  title={Cointegration of international stock markets: An investigation of diversification opportunities},
  author={Khan, Taimur A},
  journal={Undergraduate Economic Review},
  volume={8},
  number={1},
  pages={7},
  year={2011}
}

@misc{statsmodelenglegranger,
  title = {statsmodels.tsa.stattools.coint},
  howpublished = {\url{https://www.statsmodels.org/dev/generated/statsmodels.tsa.stattools.coint.html}},
  note = {Accessed: 2020/05/09}
}

@misc{statsmodeljohansen,
  title = {statsmodels.tsa.vector\_ar.vecm.coint\_johansen},
  howpublished = {\url{https://www.statsmodels.org/dev/generated/statsmodels.tsa.vector_ar.vecm.coint_johansen.html}},
  note = {Accessed: 2020/05/09}
}

@misc{nasdaq,
  title = {Nasdaq Traded},
  howpublished = {\url{ftp://ftp.nasdaqtrader.com/symboldirectory/nasdaqtraded.txt}},
  note = {Accessed: 2020/05/09}
}

@misc{yfinance,
  title = {yfinance},
  howpublished = {\url{https://github.com/ranaroussi/yfinance}},
  note = {Accessed: 2020/05/09}
}

@article{mackinnon,
 ISSN = {07350015},
 URL = {http://www.jstor.org/stable/1391481},
 author = {James G. MacKinnon},
 journal = {Journal of Business \& Economic Statistics},
 number = {2},
 pages = {167--176},
 publisher = {[American Statistical Association, Taylor \& Francis, Ltd.]},
 title = {Approximate Asymptotic Distribution Functions for Unit-Root and Cointegration Tests},
 volume = {12},
 year = {1994}
}